@INPROCEEDINGS{bruder:2013,
	title = {{To touch or not to touch?: comparing 2D touch and 3D mid-air interaction on stereoscopic tabletop surfaces}},
	author = {Bruder, G., Steinicke, F., and Sturzlinger, W.},
	booktitle = {Proceedings of the 1st symposium on Spatial user interaction},
	month     = {July},
	year      = {2013},
	pages={9--16},
	organization={ACM}
}

@INPROCEEDINGS{delariviere:2010,
	title={{3D multitouch: when tactile tables meet immersive visualization technologies}},
	author={de la Rivi{\`e}re, Jean-Baptiste and Kerv{\'e}gant, C{\'e}dric and Dittlo, Nicolas and Courtois, Mathieu and Orvain, Emmanuel},
	booktitle={ACM SIGGRAPH 2010 Talks},
	pages={56},
	month={July}
	year={2010},
	organization={ACM}
}

@article{martinet2012,
	title={Integrality and separability of multitouch interaction techniques in 3D manipulation tasks},
	author={Martinet, A., Casiez, G. and Grisoni, L.},
	journal={Visualization and Computer Graphics, IEEE Transactions on},
	volume={18},
	number={3},
	pages={369--380},
	year={2012},
	publisher={IEEE}
}

@INPROCEEDINGS{seyed:2013,
	title = {{From small screens to big displays: understanding interaction in multi-display environments}},
	author = {Seyed, T., Burns, C., Costa Sousa, M. and Maurer, F.},
	booktitle = {Proceedings of the companion publication of the 2013 international conference on Intelligent user interfaces companion},
	month     = {March},
	year      = {2013},
	pages={33--36},
	organization={ACM}
}